@Inbook{deBruijn1983,
    author="de Bruijn, Nicolaas Govert",
    title="AUTOMATH, a Language for Mathematics",
    bookTitle="Automation of Reasoning: 2: Classical Papers on Computational Logic 1967--1970",
    year="1983",
    publisher="Springer Berlin Heidelberg",
    address="Berlin, Heidelberg",
    pages="159--200",
}
@article{crc40,
  title={A formulation of the simple theory of types},
  author={Church, Alonzo},
  journal={The journal of symbolic logic},
  volume={5},
  number={2},
  pages={56--68},
  year={1940},
  publisher={Cambridge University Press}
}
@book{crc41,
  title={The calculi of lambda-conversion},
  author={Church, Alonzo},
  number={6},
  year={1985},
  publisher={Princeton University Press}
}
@article{brw07,
  title={On the foundations of mathematics},
  author={Brouwer, Luitzen Egbertus Jan},
  journal={Collected works},
  volume={1},
  pages={11--101},
  year={1907},
  publisher={Citeseer}
}
@article{lambda_cube,
  title={Introduction to generalized type systems},
  author={Barendregt, Henkdrik Pieter},
  year={1991},
  volume={1},
  number={2},
  journal={Journal of Functional Programming},
  pages={124--154},
}
@book{hey66,
  title={Intuitionism: an introduction},
  author={Heyting, Arend},
  volume={41},
  year={1966},
  publisher={Elsevier}
}
@article{kol32,
  title={Zur deutung der intuitionistischen logik},
  author={Kolmogoroff, Andrej},
  journal={Mathematische Zeitschrift},
  volume={35},
  number={1},
  pages={58--65},
  year={1932},
  publisher={Springer}
}
@article{bra13,
    title = {Idris, a General Purpose Dependently Typed
Programming Language: Design and
Implementation},
    author = {Brady, Edwin},
    volume = {23},
    year = {2013},
    journal = {Journal of Functional Programming},
    pages= {552--593},
    number = {5},
}
@manual{isabelle_hol,
  title        = {Isabelle/HOL: A Proof Assistant for Higher-Order Logic},
  author       = {Tobias Nipkow and Lawrence C. Paulson and Markus Wenzel},
  organization = {Technische Universit{\"a}t M{\"u}nchen},
  year         = {2002},
  series       = {Lecture Notes in Computer Science},
  volume       = {2283},
  publisher    = {Springer-Verlag},
  url          = {https://isabelle.in.tum.de},
}
@software{lean4,
  title        = {The {Lean 4} Theorem Prover and
Programming Language},
  author       = {de Moura, Leonardo, and Ullrich, Sebastian},
  year         = {2021},
  organization = {Microsoft Research and Karlsruhe Institute of Technology},
  url          = {https://lean-lang.org}
}
@software{coq,
  title        = {The {Coq} Proof Assistant},
  author       = {The Coq Development Team},
  organization = {Inria},
  url          = {https://coq.inria.fr}
}
@software{lean,
  title        = {The {Lean} Theorem Prover},
  author       = {de Moura, Leonardo, and Kong, Soonho, and Avigad, Jeremy, and van Doorn, Floris, and von Raumer, Jakob},
  year         = {2015},
  organization = {Microsoft Research and Carnegie Mellon University},
  url          = {https://lean-lang.org}
}
@inproceedings{norell09,
    author = {Norell, Ulf},
    title = {Dependently typed programming in Agda},
    year = {2009},
    publisher = {Association for Computing Machinery},
    booktitle = {Proceedings of the 4th International Workshop on Types in Language Design and Implementation},
    pages = {230--266}
}
@phdthesis{norell07,
  title={Towards a practical programming language based on dependent type theory},
  author={Norell, Ulf},
  year={2007},
  school={Chalmers University of Technology}
}
@book{pml84,
  title={Intuitionistic type theory},
  author={Martin-L{\"o}f, Per and Sambin, Giovanni},
  volume={9},
  year={1984},
  publisher={Bibliopolis Naples}
}
@article{pml93,
  title={Philosophical aspects of intuitionistic type theory},
  author={Martin-L{\"o}f, Per},
  journal={Unpublished notes by M. Wijers from lectures given at the Faculteit der Wijsbegeerte, Rijksuniversiteit Leiden},
  year={1993}
}
@article{pml98,
  title={An intuitionistic theory of types},
  author={Martin-L{\"o}f, Per},
  journal={Twenty-five years of constructive type theory},
  volume={36},
  pages={127--172},
  year={1998}
}
@article{pml82,
    title = {Constructive Mathematics and Computer Programming},
    series = {Studies in Logic and the Foundations of Mathematics},
    publisher = {Elsevier},
    volume = {104},
    pages = {153-175},
    year = {1982},
    booktitle = {Logic, Methodology and Philosophy of Science VI},
    author = {Martin-L{\"o}f, Per}
}
@article{pml75,
    title = {An Intuitionistic Theory of Types: Predicative Part},
    series = {Studies in Logic and the Foundations of Mathematics},
    publisher = {Elsevier},
    volume = {80},
    pages = {73-118},
    year = {1975},
    booktitle = {Logic Colloquium '73},
    author = {Martin-L{\"o}f, Per}
}
@article{rus08,
  title={Mathematical logic as based on the theory of types},
  author={Russell, Bertrand},
  journal={American journal of mathematics},
  volume={30},
  number={3},
  pages={222--262},
  year={1908},
  publisher={JSTOR}
}
@incollection{how80,
    author = {Howard, William Alvin},
    booktitle = {To H. B. Curry: Essays on Combinatory Logic, Lambda Calculus, and Formalism},
    publisher = {Academic Press},
    title = {The Formulae-as-Types Notion of Construction},
    year = {1980}
}
@inproceedings{harrison09,
  title={HOL light: An overview},
  author={Harrison, John},
  booktitle={International Conference on Theorem Proving in Higher Order Logics},
  pages={60--66},
  year={2009},
  organization={Springer}
}
@book{nuprl86,
  author    = {Robert L. Constable and Stuart F. Allen and H. M. Bromley and W. R. Cleaveland and J. F. Cremer and Richard W. Harper and Douglas J. Howe and T. B. Knoblock and Nancy A. Mendler and Prakash Panangaden and James T. Sasaki and Scott F. Smith},
  title     = {Implementing Mathematics with the Nuprl Proof Development System},
  publisher = {Prentice-Hall},
  year      = {1986},
}
@article{gentzen35,
  title={Untersuchungen {\"u}ber das logische schlie{\ss}en. I.},
  author={Gentzen, Gerhard},
  journal={Mathematische zeitschrift},
  volume={35},
  year={1935}
}
@article{jaskowski34,
  title={On the rules of suppositions in formal logic},
  author={Ja{\'s}kowski, Stanis{\l}aw},
  year={1934}
}
